%YAML 1.1
%TAG !u! tag:unity3d.com,2011:
--- !u!1 &839870792575606525
GameObject:
  m_ObjectHideFlags: 0
  m_CorrespondingSourceObject: {fileID: 0}
  m_PrefabInstance: {fileID: 0}
  m_PrefabAsset: {fileID: 0}
  serializedVersion: 6
  m_Component:
  - component: {fileID: 1634461815530886415}
  m_Layer: 0
  m_Name: R_base
  m_TagString: Untagged
  m_Icon: {fileID: 0}
  m_NavMeshLayer: 0
  m_StaticEditorFlags: 0
  m_IsActive: 1
--- !u!4 &1634461815530886415
Transform:
  m_ObjectHideFlags: 0
  m_CorrespondingSourceObject: {fileID: 0}
  m_PrefabInstance: {fileID: 0}
  m_PrefabAsset: {fileID: 0}
  m_GameObject: {fileID: 839870792575606525}
  m_LocalRotation: {x: 0, y: 0, z: 0, w: 1}
  m_LocalPosition: {x: 0, y: 0, z: -0.5}
  m_LocalScale: {x: 1, y: 1, z: 1}
  m_Children:
  - {fileID: 5525384094146420310}
  - {fileID: 2723623797440681802}
  - {fileID: 5947609783016931701}
  m_Father: {fileID: 5525384094919592097}
  m_RootOrder: 0
  m_LocalEulerAnglesHint: {x: 0, y: 0, z: 0}
--- !u!1 &5525384094146420313
GameObject:
  m_ObjectHideFlags: 0
  m_CorrespondingSourceObject: {fileID: 0}
  m_PrefabInstance: {fileID: 0}
  m_PrefabAsset: {fileID: 0}
  serializedVersion: 6
  m_Component:
  - component: {fileID: 5525384094146420310}
  - component: {fileID: 5525384094146420309}
  - component: {fileID: 5525384094146420308}
  - component: {fileID: 5525384094146420311}
  - component: {fileID: 2728342703827702148}
  m_Layer: 0
  m_Name: R_Door
  m_TagString: Untagged
  m_Icon: {fileID: 0}
  m_NavMeshLayer: 0
  m_StaticEditorFlags: 0
  m_IsActive: 1
--- !u!4 &5525384094146420310
Transform:
  m_ObjectHideFlags: 0
  m_CorrespondingSourceObject: {fileID: 0}
  m_PrefabInstance: {fileID: 0}
  m_PrefabAsset: {fileID: 0}
  m_GameObject: {fileID: 5525384094146420313}
  m_LocalRotation: {x: -0, y: -0, z: -0, w: 1}
  m_LocalPosition: {x: 0, y: 0, z: 0.5}
  m_LocalScale: {x: 0.5, y: 2, z: 1.05}
  m_Children: []
  m_Father: {fileID: 1634461815530886415}
  m_RootOrder: 0
  m_LocalEulerAnglesHint: {x: 0, y: 0, z: 0}
--- !u!33 &5525384094146420309
MeshFilter:
  m_ObjectHideFlags: 0
  m_CorrespondingSourceObject: {fileID: 0}
  m_PrefabInstance: {fileID: 0}
  m_PrefabAsset: {fileID: 0}
  m_GameObject: {fileID: 5525384094146420313}
  m_Mesh: {fileID: 10202, guid: 0000000000000000e000000000000000, type: 0}
--- !u!23 &5525384094146420308
MeshRenderer:
  m_ObjectHideFlags: 0
  m_CorrespondingSourceObject: {fileID: 0}
  m_PrefabInstance: {fileID: 0}
  m_PrefabAsset: {fileID: 0}
  m_GameObject: {fileID: 5525384094146420313}
  m_Enabled: 1
  m_CastShadows: 0
  m_ReceiveShadows: 0
  m_DynamicOccludee: 1
  m_MotionVectors: 1
  m_LightProbeUsage: 1
  m_ReflectionProbeUsage: 1
  m_RayTracingMode: 2
  m_RayTraceProcedural: 0
  m_RenderingLayerMask: 1
  m_RendererPriority: 0
  m_Materials:
  - {fileID: 10303, guid: 0000000000000000f000000000000000, type: 0}
  m_StaticBatchInfo:
    firstSubMesh: 0
    subMeshCount: 0
  m_StaticBatchRoot: {fileID: 0}
  m_ProbeAnchor: {fileID: 0}
  m_LightProbeVolumeOverride: {fileID: 0}
  m_ScaleInLightmap: 1
  m_ReceiveGI: 1
  m_PreserveUVs: 0
  m_IgnoreNormalsForChartDetection: 0
  m_ImportantGI: 0
  m_StitchLightmapSeams: 1
  m_SelectedEditorRenderState: 3
  m_MinimumChartSize: 4
  m_AutoUVMaxDistance: 0.5
  m_AutoUVMaxAngle: 89
  m_LightmapParameters: {fileID: 0}
  m_SortingLayerID: 0
  m_SortingLayer: 0
  m_SortingOrder: 0
  m_AdditionalVertexStreams: {fileID: 0}
--- !u!65 &5525384094146420311
BoxCollider:
  m_ObjectHideFlags: 0
  m_CorrespondingSourceObject: {fileID: 0}
  m_PrefabInstance: {fileID: 0}
  m_PrefabAsset: {fileID: 0}
  m_GameObject: {fileID: 5525384094146420313}
  m_Material: {fileID: 0}
  m_IsTrigger: 0
  m_Enabled: 1
  serializedVersion: 2
  m_Size: {x: 1, y: 1, z: 1}
  m_Center: {x: 0, y: 0, z: 0}
--- !u!208 &2728342703827702148
NavMeshObstacle:
  m_ObjectHideFlags: 0
  m_CorrespondingSourceObject: {fileID: 0}
  m_PrefabInstance: {fileID: 0}
  m_PrefabAsset: {fileID: 0}
  m_GameObject: {fileID: 5525384094146420313}
  m_Enabled: 1
  serializedVersion: 3
  m_Shape: 1
  m_Extents: {x: 0.75, y: 0.75, z: 0.5}
  m_MoveThreshold: 0.1
  m_Carve: 0
  m_CarveOnlyStationary: 1
  m_Center: {x: 0, y: 0, z: 0}
  m_TimeToStationary: 0.5
--- !u!1 &5525384094919592096
GameObject:
  m_ObjectHideFlags: 0
  m_CorrespondingSourceObject: {fileID: 0}
  m_PrefabInstance: {fileID: 0}
  m_PrefabAsset: {fileID: 0}
  serializedVersion: 6
  m_Component:
  - component: {fileID: 5525384094919592097}
  - component: {fileID: 2730605130860123851}
  - component: {fileID: 3968237635912358402}
  m_Layer: 0
  m_Name: Door
  m_TagString: Untagged
  m_Icon: {fileID: 0}
  m_NavMeshLayer: 0
  m_StaticEditorFlags: 0
  m_IsActive: 1
--- !u!4 &5525384094919592097
Transform:
  m_ObjectHideFlags: 0
  m_CorrespondingSourceObject: {fileID: 0}
  m_PrefabInstance: {fileID: 0}
  m_PrefabAsset: {fileID: 0}
  m_GameObject: {fileID: 5525384094919592096}
  m_LocalRotation: {x: 0, y: 0, z: 0, w: 1}
  m_LocalPosition: {x: 0, y: 0, z: 0}
  m_LocalScale: {x: 1, y: 1, z: 1}
  m_Children:
  - {fileID: 1634461815530886415}
  - {fileID: 8575990263965926552}
  m_Father: {fileID: 0}
  m_RootOrder: 0
  m_LocalEulerAnglesHint: {x: 0, y: 0, z: 0}
--- !u!95 &2730605130860123851
Animator:
  serializedVersion: 3
  m_ObjectHideFlags: 0
  m_CorrespondingSourceObject: {fileID: 0}
  m_PrefabInstance: {fileID: 0}
  m_PrefabAsset: {fileID: 0}
  m_GameObject: {fileID: 5525384094919592096}
  m_Enabled: 1
  m_Avatar: {fileID: 0}
  m_Controller: {fileID: 9100000, guid: 6bb99cf81501d7f47a89e1f19840c09b, type: 2}
  m_CullingMode: 0
  m_UpdateMode: 0
  m_ApplyRootMotion: 0
  m_LinearVelocityBlending: 0
  m_WarningMessage: 
  m_HasTransformHierarchy: 1
  m_AllowConstantClipSamplingOptimization: 1
  m_KeepAnimatorControllerStateOnDisable: 0
--- !u!114 &3968237635912358402
MonoBehaviour:
  m_ObjectHideFlags: 0
  m_CorrespondingSourceObject: {fileID: 0}
  m_PrefabInstance: {fileID: 0}
  m_PrefabAsset: {fileID: 0}
  m_GameObject: {fileID: 5525384094919592096}
  m_Enabled: 1
  m_EditorHideFlags: 0
  m_Script: {fileID: 11500000, guid: 8aa731a0c0f43c245a9e82972ce05dc2, type: 3}
  m_Name: 
  m_EditorClassIdentifier: 
  animator: {fileID: 2730605130860123851}
  StopCol: {fileID: 0}
--- !u!1 &5525384095732517859
GameObject:
  m_ObjectHideFlags: 0
  m_CorrespondingSourceObject: {fileID: 0}
  m_PrefabInstance: {fileID: 0}
  m_PrefabAsset: {fileID: 0}
  serializedVersion: 6
  m_Component:
  - component: {fileID: 5525384095732517856}
  - component: {fileID: 5525384095732517855}
  - component: {fileID: 5525384095732517854}
  - component: {fileID: 5525384095732517857}
  - component: {fileID: 7652120454182033512}
  m_Layer: 0
  m_Name: L_Door
  m_TagString: Untagged
  m_Icon: {fileID: 0}
  m_NavMeshLayer: 0
  m_StaticEditorFlags: 0
  m_IsActive: 1
--- !u!4 &5525384095732517856
Transform:
  m_ObjectHideFlags: 0
  m_CorrespondingSourceObject: {fileID: 0}
  m_PrefabInstance: {fileID: 0}
  m_PrefabAsset: {fileID: 0}
  m_GameObject: {fileID: 5525384095732517859}
  m_LocalRotation: {x: -0, y: -0, z: -0, w: 1}
  m_LocalPosition: {x: 0, y: 0, z: -0.505}
  m_LocalScale: {x: 0.5, y: 2, z: 1.05}
  m_Children: []
  m_Father: {fileID: 8575990263965926552}
  m_RootOrder: 0
  m_LocalEulerAnglesHint: {x: 0, y: 0, z: 0}
--- !u!33 &5525384095732517855
MeshFilter:
  m_ObjectHideFlags: 0
  m_CorrespondingSourceObject: {fileID: 0}
  m_PrefabInstance: {fileID: 0}
  m_PrefabAsset: {fileID: 0}
  m_GameObject: {fileID: 5525384095732517859}
  m_Mesh: {fileID: 10202, guid: 0000000000000000e000000000000000, type: 0}
--- !u!23 &5525384095732517854
MeshRenderer:
  m_ObjectHideFlags: 0
  m_CorrespondingSourceObject: {fileID: 0}
  m_PrefabInstance: {fileID: 0}
  m_PrefabAsset: {fileID: 0}
  m_GameObject: {fileID: 5525384095732517859}
  m_Enabled: 1
  m_CastShadows: 0
  m_ReceiveShadows: 0
  m_DynamicOccludee: 1
  m_MotionVectors: 1
  m_LightProbeUsage: 1
  m_ReflectionProbeUsage: 1
  m_RayTracingMode: 2
  m_RayTraceProcedural: 0
  m_RenderingLayerMask: 1
  m_RendererPriority: 0
  m_Materials:
  - {fileID: 10303, guid: 0000000000000000f000000000000000, type: 0}
  m_StaticBatchInfo:
    firstSubMesh: 0
    subMeshCount: 0
  m_StaticBatchRoot: {fileID: 0}
  m_ProbeAnchor: {fileID: 0}
  m_LightProbeVolumeOverride: {fileID: 0}
  m_ScaleInLightmap: 1
  m_ReceiveGI: 1
  m_PreserveUVs: 0
  m_IgnoreNormalsForChartDetection: 0
  m_ImportantGI: 0
  m_StitchLightmapSeams: 1
  m_SelectedEditorRenderState: 3
  m_MinimumChartSize: 4
  m_AutoUVMaxDistance: 0.5
  m_AutoUVMaxAngle: 89
  m_LightmapParameters: {fileID: 0}
  m_SortingLayerID: 0
  m_SortingLayer: 0
  m_SortingOrder: 0
  m_AdditionalVertexStreams: {fileID: 0}
--- !u!65 &5525384095732517857
BoxCollider:
  m_ObjectHideFlags: 0
  m_CorrespondingSourceObject: {fileID: 0}
  m_PrefabInstance: {fileID: 0}
  m_PrefabAsset: {fileID: 0}
  m_GameObject: {fileID: 5525384095732517859}
  m_Material: {fileID: 0}
  m_IsTrigger: 0
  m_Enabled: 1
  serializedVersion: 2
  m_Size: {x: 1, y: 1, z: 1}
  m_Center: {x: 0, y: 0, z: 0}
--- !u!208 &7652120454182033512
NavMeshObstacle:
  m_ObjectHideFlags: 0
  m_CorrespondingSourceObject: {fileID: 0}
  m_PrefabInstance: {fileID: 0}
  m_PrefabAsset: {fileID: 0}
  m_GameObject: {fileID: 5525384095732517859}
  m_Enabled: 1
  serializedVersion: 3
  m_Shape: 1
  m_Extents: {x: 0.75, y: 0.75, z: 0.5}
  m_MoveThreshold: 0.1
  m_Carve: 0
  m_CarveOnlyStationary: 1
  m_Center: {x: 0, y: 0, z: 0}
  m_TimeToStationary: 0.5
--- !u!1 &8444419854152631687
GameObject:
  m_ObjectHideFlags: 0
  m_CorrespondingSourceObject: {fileID: 0}
  m_PrefabInstance: {fileID: 0}
  m_PrefabAsset: {fileID: 0}
  serializedVersion: 6
  m_Component:
  - component: {fileID: 8575990263965926552}
  m_Layer: 0
  m_Name: L_base
  m_TagString: Untagged
  m_Icon: {fileID: 0}
  m_NavMeshLayer: 0
  m_StaticEditorFlags: 0
  m_IsActive: 1
--- !u!4 &8575990263965926552
Transform:
  m_ObjectHideFlags: 0
  m_CorrespondingSourceObject: {fileID: 0}
  m_PrefabInstance: {fileID: 0}
  m_PrefabAsset: {fileID: 0}
  m_GameObject: {fileID: 8444419854152631687}
  m_LocalRotation: {x: 0, y: 0, z: 0, w: 1}
  m_LocalPosition: {x: 0, y: 0, z: 1.538}
  m_LocalScale: {x: 1, y: 1, z: 1}
  m_Children:
  - {fileID: 5525384095732517856}
  - {fileID: 3469646949516109969}
  - {fileID: 7370358508245398030}
  m_Father: {fileID: 5525384094919592097}
  m_RootOrder: 1
  m_LocalEulerAnglesHint: {x: 0, y: -42.75083, z: 0}
--- !u!1001 &2989005992409327743
PrefabInstance:
  m_ObjectHideFlags: 0
  serializedVersion: 2
  m_Modification:
    m_TransformParent: {fileID: 1634461815530886415}
    m_Modifications:
    - target: {fileID: 916293909830893365, guid: 9eb4ede5c5600fc4ab558101bf5c5ce1,
        type: 3}
      propertyPath: m_LocalPosition.x
      value: -0.27
      objectReference: {fileID: 0}
    - target: {fileID: 916293909830893365, guid: 9eb4ede5c5600fc4ab558101bf5c5ce1,
        type: 3}
      propertyPath: m_LocalPosition.y
      value: 0.092
      objectReference: {fileID: 0}
    - target: {fileID: 916293909830893365, guid: 9eb4ede5c5600fc4ab558101bf5c5ce1,
        type: 3}
      propertyPath: m_LocalPosition.z
      value: 0.783
      objectReference: {fileID: 0}
    - target: {fileID: 916293909830893365, guid: 9eb4ede5c5600fc4ab558101bf5c5ce1,
        type: 3}
      propertyPath: m_LocalRotation.x
      value: -0.5
      objectReference: {fileID: 0}
    - target: {fileID: 916293909830893365, guid: 9eb4ede5c5600fc4ab558101bf5c5ce1,
        type: 3}
      propertyPath: m_LocalRotation.y
      value: 0.5
      objectReference: {fileID: 0}
    - target: {fileID: 916293909830893365, guid: 9eb4ede5c5600fc4ab558101bf5c5ce1,
        type: 3}
      propertyPath: m_LocalRotation.z
      value: 0.5
      objectReference: {fileID: 0}
    - target: {fileID: 916293909830893365, guid: 9eb4ede5c5600fc4ab558101bf5c5ce1,
        type: 3}
      propertyPath: m_LocalRotation.w
      value: 0.5
      objectReference: {fileID: 0}
    - target: {fileID: 916293909830893365, guid: 9eb4ede5c5600fc4ab558101bf5c5ce1,
        type: 3}
      propertyPath: m_RootOrder
      value: 1
      objectReference: {fileID: 0}
    - target: {fileID: 916293909830893365, guid: 9eb4ede5c5600fc4ab558101bf5c5ce1,
        type: 3}
      propertyPath: m_LocalEulerAnglesHint.x
      value: -90
      objectReference: {fileID: 0}
    - target: {fileID: 916293909830893365, guid: 9eb4ede5c5600fc4ab558101bf5c5ce1,
        type: 3}
      propertyPath: m_LocalEulerAnglesHint.y
      value: 90
      objectReference: {fileID: 0}
    - target: {fileID: 916293909830893365, guid: 9eb4ede5c5600fc4ab558101bf5c5ce1,
        type: 3}
      propertyPath: m_LocalEulerAnglesHint.z
      value: 0
      objectReference: {fileID: 0}
    - target: {fileID: 916293909830893365, guid: 9eb4ede5c5600fc4ab558101bf5c5ce1,
        type: 3}
      propertyPath: m_LocalScale.y
      value: 0.1
      objectReference: {fileID: 0}
    - target: {fileID: 916293909830893365, guid: 9eb4ede5c5600fc4ab558101bf5c5ce1,
        type: 3}
      propertyPath: m_LocalScale.z
      value: 0.1
      objectReference: {fileID: 0}
    - target: {fileID: 916293909830893365, guid: 9eb4ede5c5600fc4ab558101bf5c5ce1,
        type: 3}
      propertyPath: m_LocalScale.x
      value: 0.1
      objectReference: {fileID: 0}
    - target: {fileID: 917304995438858411, guid: 9eb4ede5c5600fc4ab558101bf5c5ce1,
        type: 3}
      propertyPath: m_Name
      value: Star (1)
      objectReference: {fileID: 0}
    m_RemovedComponents: []
  m_SourcePrefab: {fileID: 100100000, guid: 9eb4ede5c5600fc4ab558101bf5c5ce1, type: 3}
--- !u!4 &2723623797440681802 stripped
Transform:
  m_CorrespondingSourceObject: {fileID: 916293909830893365, guid: 9eb4ede5c5600fc4ab558101bf5c5ce1,
    type: 3}
  m_PrefabInstance: {fileID: 2989005992409327743}
  m_PrefabAsset: {fileID: 0}
--- !u!1001 &4364548722420225956
PrefabInstance:
  m_ObjectHideFlags: 0
  serializedVersion: 2
  m_Modification:
    m_TransformParent: {fileID: 8575990263965926552}
    m_Modifications:
    - target: {fileID: 916293909830893365, guid: 9eb4ede5c5600fc4ab558101bf5c5ce1,
        type: 3}
      propertyPath: m_LocalPosition.x
      value: -0.27
      objectReference: {fileID: 0}
    - target: {fileID: 916293909830893365, guid: 9eb4ede5c5600fc4ab558101bf5c5ce1,
        type: 3}
      propertyPath: m_LocalPosition.y
      value: 0.092
      objectReference: {fileID: 0}
    - target: {fileID: 916293909830893365, guid: 9eb4ede5c5600fc4ab558101bf5c5ce1,
        type: 3}
      propertyPath: m_LocalPosition.z
      value: -0.834
      objectReference: {fileID: 0}
    - target: {fileID: 916293909830893365, guid: 9eb4ede5c5600fc4ab558101bf5c5ce1,
        type: 3}
      propertyPath: m_LocalRotation.x
      value: -0.5
      objectReference: {fileID: 0}
    - target: {fileID: 916293909830893365, guid: 9eb4ede5c5600fc4ab558101bf5c5ce1,
        type: 3}
      propertyPath: m_LocalRotation.y
      value: 0.5
      objectReference: {fileID: 0}
    - target: {fileID: 916293909830893365, guid: 9eb4ede5c5600fc4ab558101bf5c5ce1,
        type: 3}
      propertyPath: m_LocalRotation.z
      value: 0.5
      objectReference: {fileID: 0}
    - target: {fileID: 916293909830893365, guid: 9eb4ede5c5600fc4ab558101bf5c5ce1,
        type: 3}
      propertyPath: m_LocalRotation.w
      value: 0.5
      objectReference: {fileID: 0}
    - target: {fileID: 916293909830893365, guid: 9eb4ede5c5600fc4ab558101bf5c5ce1,
        type: 3}
      propertyPath: m_RootOrder
      value: 1
      objectReference: {fileID: 0}
    - target: {fileID: 916293909830893365, guid: 9eb4ede5c5600fc4ab558101bf5c5ce1,
        type: 3}
      propertyPath: m_LocalEulerAnglesHint.x
      value: -90
      objectReference: {fileID: 0}
    - target: {fileID: 916293909830893365, guid: 9eb4ede5c5600fc4ab558101bf5c5ce1,
        type: 3}
      propertyPath: m_LocalEulerAnglesHint.y
      value: 90
      objectReference: {fileID: 0}
    - target: {fileID: 916293909830893365, guid: 9eb4ede5c5600fc4ab558101bf5c5ce1,
        type: 3}
      propertyPath: m_LocalEulerAnglesHint.z
      value: 0
      objectReference: {fileID: 0}
    - target: {fileID: 916293909830893365, guid: 9eb4ede5c5600fc4ab558101bf5c5ce1,
        type: 3}
      propertyPath: m_LocalScale.y
      value: 0.1
      objectReference: {fileID: 0}
    - target: {fileID: 916293909830893365, guid: 9eb4ede5c5600fc4ab558101bf5c5ce1,
        type: 3}
      propertyPath: m_LocalScale.z
      value: 0.1
      objectReference: {fileID: 0}
    - target: {fileID: 916293909830893365, guid: 9eb4ede5c5600fc4ab558101bf5c5ce1,
        type: 3}
      propertyPath: m_LocalScale.x
      value: 0.1
      objectReference: {fileID: 0}
    - target: {fileID: 917304995438858411, guid: 9eb4ede5c5600fc4ab558101bf5c5ce1,
        type: 3}
      propertyPath: m_Name
      value: Star
      objectReference: {fileID: 0}
    m_RemovedComponents: []
  m_SourcePrefab: {fileID: 100100000, guid: 9eb4ede5c5600fc4ab558101bf5c5ce1, type: 3}
--- !u!4 &3469646949516109969 stripped
Transform:
  m_CorrespondingSourceObject: {fileID: 916293909830893365, guid: 9eb4ede5c5600fc4ab558101bf5c5ce1,
    type: 3}
  m_PrefabInstance: {fileID: 4364548722420225956}
  m_PrefabAsset: {fileID: 0}
--- !u!1001 &6790711224256314944
PrefabInstance:
  m_ObjectHideFlags: 0
  serializedVersion: 2
  m_Modification:
    m_TransformParent: {fileID: 1634461815530886415}
    m_Modifications:
    - target: {fileID: 916293909830893365, guid: 9eb4ede5c5600fc4ab558101bf5c5ce1,
        type: 3}
      propertyPath: m_LocalPosition.x
      value: 0.281
      objectReference: {fileID: 0}
    - target: {fileID: 916293909830893365, guid: 9eb4ede5c5600fc4ab558101bf5c5ce1,
        type: 3}
      propertyPath: m_LocalPosition.y
      value: 0.092
      objectReference: {fileID: 0}
    - target: {fileID: 916293909830893365, guid: 9eb4ede5c5600fc4ab558101bf5c5ce1,
        type: 3}
      propertyPath: m_LocalPosition.z
      value: 0.783
      objectReference: {fileID: 0}
    - target: {fileID: 916293909830893365, guid: 9eb4ede5c5600fc4ab558101bf5c5ce1,
        type: 3}
      propertyPath: m_LocalRotation.x
      value: -0.5
      objectReference: {fileID: 0}
    - target: {fileID: 916293909830893365, guid: 9eb4ede5c5600fc4ab558101bf5c5ce1,
        type: 3}
      propertyPath: m_LocalRotation.y
      value: 0.5
      objectReference: {fileID: 0}
    - target: {fileID: 916293909830893365, guid: 9eb4ede5c5600fc4ab558101bf5c5ce1,
        type: 3}
      propertyPath: m_LocalRotation.z
      value: 0.5
      objectReference: {fileID: 0}
    - target: {fileID: 916293909830893365, guid: 9eb4ede5c5600fc4ab558101bf5c5ce1,
        type: 3}
      propertyPath: m_LocalRotation.w
      value: 0.5
      objectReference: {fileID: 0}
    - target: {fileID: 916293909830893365, guid: 9eb4ede5c5600fc4ab558101bf5c5ce1,
        type: 3}
      propertyPath: m_RootOrder
      value: 2
      objectReference: {fileID: 0}
    - target: {fileID: 916293909830893365, guid: 9eb4ede5c5600fc4ab558101bf5c5ce1,
        type: 3}
      propertyPath: m_LocalEulerAnglesHint.x
      value: -90
      objectReference: {fileID: 0}
    - target: {fileID: 916293909830893365, guid: 9eb4ede5c5600fc4ab558101bf5c5ce1,
        type: 3}
      propertyPath: m_LocalEulerAnglesHint.y
      value: 90
      objectReference: {fileID: 0}
    - target: {fileID: 916293909830893365, guid: 9eb4ede5c5600fc4ab558101bf5c5ce1,
        type: 3}
      propertyPath: m_LocalEulerAnglesHint.z
      value: 0
      objectReference: {fileID: 0}
    - target: {fileID: 916293909830893365, guid: 9eb4ede5c5600fc4ab558101bf5c5ce1,
        type: 3}
      propertyPath: m_LocalScale.y
      value: 0.1
      objectReference: {fileID: 0}
    - target: {fileID: 916293909830893365, guid: 9eb4ede5c5600fc4ab558101bf5c5ce1,
        type: 3}
      propertyPath: m_LocalScale.z
      value: 0.1
      objectReference: {fileID: 0}
    - target: {fileID: 916293909830893365, guid: 9eb4ede5c5600fc4ab558101bf5c5ce1,
        type: 3}
      propertyPath: m_LocalScale.x
      value: 0.1
      objectReference: {fileID: 0}
    - target: {fileID: 917304995438858411, guid: 9eb4ede5c5600fc4ab558101bf5c5ce1,
        type: 3}
      propertyPath: m_Name
      value: Star (2)
      objectReference: {fileID: 0}
    m_RemovedComponents: []
  m_SourcePrefab: {fileID: 100100000, guid: 9eb4ede5c5600fc4ab558101bf5c5ce1, type: 3}
--- !u!4 &5947609783016931701 stripped
Transform:
  m_CorrespondingSourceObject: {fileID: 916293909830893365, guid: 9eb4ede5c5600fc4ab558101bf5c5ce1,
    type: 3}
  m_PrefabInstance: {fileID: 6790711224256314944}
  m_PrefabAsset: {fileID: 0}
--- !u!1001 &7710042129605348667
PrefabInstance:
  m_ObjectHideFlags: 0
  serializedVersion: 2
  m_Modification:
    m_TransformParent: {fileID: 8575990263965926552}
    m_Modifications:
    - target: {fileID: 916293909830893365, guid: 9eb4ede5c5600fc4ab558101bf5c5ce1,
        type: 3}
      propertyPath: m_LocalPosition.x
      value: 0.266
      objectReference: {fileID: 0}
    - target: {fileID: 916293909830893365, guid: 9eb4ede5c5600fc4ab558101bf5c5ce1,
        type: 3}
      propertyPath: m_LocalPosition.y
      value: 0.092
      objectReference: {fileID: 0}
    - target: {fileID: 916293909830893365, guid: 9eb4ede5c5600fc4ab558101bf5c5ce1,
        type: 3}
      propertyPath: m_LocalPosition.z
      value: -0.834
      objectReference: {fileID: 0}
    - target: {fileID: 916293909830893365, guid: 9eb4ede5c5600fc4ab558101bf5c5ce1,
        type: 3}
      propertyPath: m_LocalRotation.x
      value: -0.5
      objectReference: {fileID: 0}
    - target: {fileID: 916293909830893365, guid: 9eb4ede5c5600fc4ab558101bf5c5ce1,
        type: 3}
      propertyPath: m_LocalRotation.y
      value: 0.5
      objectReference: {fileID: 0}
    - target: {fileID: 916293909830893365, guid: 9eb4ede5c5600fc4ab558101bf5c5ce1,
        type: 3}
      propertyPath: m_LocalRotation.z
      value: 0.5
      objectReference: {fileID: 0}
    - target: {fileID: 916293909830893365, guid: 9eb4ede5c5600fc4ab558101bf5c5ce1,
        type: 3}
      propertyPath: m_LocalRotation.w
      value: 0.5
      objectReference: {fileID: 0}
    - target: {fileID: 916293909830893365, guid: 9eb4ede5c5600fc4ab558101bf5c5ce1,
        type: 3}
      propertyPath: m_RootOrder
      value: 2
      objectReference: {fileID: 0}
    - target: {fileID: 916293909830893365, guid: 9eb4ede5c5600fc4ab558101bf5c5ce1,
        type: 3}
      propertyPath: m_LocalEulerAnglesHint.x
      value: -90
      objectReference: {fileID: 0}
    - target: {fileID: 916293909830893365, guid: 9eb4ede5c5600fc4ab558101bf5c5ce1,
        type: 3}
      propertyPath: m_LocalEulerAnglesHint.y
      value: 90
      objectReference: {fileID: 0}
    - target: {fileID: 916293909830893365, guid: 9eb4ede5c5600fc4ab558101bf5c5ce1,
        type: 3}
      propertyPath: m_LocalEulerAnglesHint.z
      value: 0
      objectReference: {fileID: 0}
    - target: {fileID: 916293909830893365, guid: 9eb4ede5c5600fc4ab558101bf5c5ce1,
        type: 3}
      propertyPath: m_LocalScale.y
      value: 0.1
      objectReference: {fileID: 0}
    - target: {fileID: 916293909830893365, guid: 9eb4ede5c5600fc4ab558101bf5c5ce1,
        type: 3}
      propertyPath: m_LocalScale.z
      value: 0.1
      objectReference: {fileID: 0}
    - target: {fileID: 916293909830893365, guid: 9eb4ede5c5600fc4ab558101bf5c5ce1,
        type: 3}
      propertyPath: m_LocalScale.x
      value: 0.1
      objectReference: {fileID: 0}
    - target: {fileID: 917304995438858411, guid: 9eb4ede5c5600fc4ab558101bf5c5ce1,
        type: 3}
      propertyPath: m_Name
      value: Star (3)
      objectReference: {fileID: 0}
    m_RemovedComponents: []
  m_SourcePrefab: {fileID: 100100000, guid: 9eb4ede5c5600fc4ab558101bf5c5ce1, type: 3}
--- !u!4 &7370358508245398030 stripped
Transform:
  m_CorrespondingSourceObject: {fileID: 916293909830893365, guid: 9eb4ede5c5600fc4ab558101bf5c5ce1,
    type: 3}
  m_PrefabInstance: {fileID: 7710042129605348667}
  m_PrefabAsset: {fileID: 0}
